@article{nakamoto2008bitcoin,
  title={Bitcoin: A peer-to-peer electronic cash system},
  author={Nakamoto, Satoshi},
  year={2008}
}

@article{buterinethereum,
  title={Ethereum white paper, 2014},
  author={Buterin, Vitalik},
  journal={URL http://www. the-blockchain. com/docs/Ethereum\_white\_paper-a\_next\_ generation\_smart\_contract\_and\_decentralized\_application\_ platform-vitalik-buterin. pdf.[Online}
}

@inproceedings{pass2017hybrid,
  title={Hybrid consensus: Efficient consensus in the permissionless model},
  author={Pass, Rafael and Shi, Elaine},
  booktitle={LIPIcs-Leibniz International Proceedings in Informatics},
  volume={91},
  year={2017},
  organization={Schloss Dagstuhl-Leibniz-Zentrum fuer Informatik}
}

@inproceedings{castro1999practical,
  title={Practical Byzantine fault tolerance},
  author={Castro, Miguel and Liskov, Barbara and others},
  booktitle={OSDI},
  volume={99},
  pages={173--186},
  year={1999}
}
