@article{nakamoto2008bitcoin,
  title={Bitcoin: A peer-to-peer electronic cash system},
  author={Nakamoto, Satoshi},
  journal={URL http://bitcoin.org/bitcoin.pdf},
  year={2008}
}
@article{buterinethereum,
  title={Ethereum white paper, 2014},
  author={Buterin, Vitalik},
  journal={URL https://github.com/ethereum/wiki/wiki/White-Paper}
}
@article{gavinethereum,
  title={Ethereum: A Secure Decentralized Generalized Transaction Ledger},
  author={Wood, Gavin},
  journal={URL https://ethereum.github.io/yellowpaper/paper.pdf},
  year={2018}
}
@article{kevmjello,
  title={KEVM: A Complete Semantics of the Ethereum Virtual Machine},
  author={Hildenbrandt, Everett and Saxena, Manasvi and Zhu, Xiaoran et al},
  journal={URL https://www.ideals.illinois.edu/handle/2142/97207},
  year={2017}
}
@article{gridwhitepaper,
  title={Gridcoin whitepaper: The computation power of a blockchain driving science and data analysis},
  journal={URL https://www.gridcoin.us/assets/img/whitepaper.pdf},
}
@article{kubecommgoals,
  title={Kubernetes Scaling and Performance Goals},
  journal={URL https://github.com/kubernetes/community/blob/master/sig-scalability/goals.md}
}
@article{kubelimit,
  title={Kubernetes: Building Large Clusters},
  journal={URL https://kubernetes.io/docs/admin/cluster-large/}
}
@article{cncfscaleout,
  title={Deploying 2048 OpenShift nodes on the CNCF Cluster},
  journal={URL https://blog.openshift.com/deploying-2048-openshift-nodes-cncf-cluster/}
}
@article{brickmul,
  title={Container-native storage for the OpenShift masses},
  journal={URL https://redhatstorage.redhat.com/2017/10/05/container-native-storage-for-the-openshift-masses/}
}
@article{k8scale,
  title={Increase maximum pods per node: github/kubernetes/kubernetes\#23349},
  journal={URL https://github.com/kubernetes/kubernetes/issues/23349}
}
@article{ocpclusterlimit,
  title={Red Hat OpenShift Container Platform's Cluster Limits},
  journal={URL https://access.redhat.com/documentation/en-us/openshift\_container\_platform/3.9/html/scaling\_and\_performance\_guide/},
}
@article{cernvm,
  title={CernVM – a virtual software appliance for LHC applications},
  author={Blomer, J and Franco, L and Harutyunian, A and Mato, P and Yao, Y and Aguado Sanchez, C and Buncic, P},
  journal={URL http://iopscience.iop.org/article/10.1088/1742-6596/219/4/042003/pdf},
  year={2017}
}
@article{lhcathome,
  title={LHC\@home: a Volunteer Computing System for Massive Numerical Simulations of Beam Dynamics and High Energy Physics Events},
  author={Lombraña González, D et al},
  journal={URL http://inspirehep.net/record/1125350/},
}
@article{boincproject,
  title={BOINC: A System for Public-Resource Computing and Storage},
  author={Anderson, David P.},
  journal={URL https://boinc.berkeley.edu/grid\_paper\_04.pdf},
}
@article{golemwhitepaper,
  title={The Golem Project: The Golem Project},
  author={The Golem team},
  journal={URL https://golem.network/doc/Golemwhitepaper.pdf},
  year={2016}
}
@article{fabricpaper,
  title={Hyperledger Fabric: A Distributed Operating System for Permissioned Blockchains},
  author={Androulaki, Elli and Barger, Artem and Bortnikov, Vita et al},
  journal={URL https://arxiv.org/pdf/1801.10228v1.pdf},
  year={2018}
}
@inproceedings{castro1999practical,
  title={Practical Byzantine fault tolerance},
  author={Castro, Miguel and Liskov, Barbara and others},
  booktitle={OSDI},
  volume={99},
  pages={173--186},
  year={1999}
}
@inproceedings{pass2017hybrid,
  title={Hybrid consensus: Efficient consensus in the permissionless model},
  author={Pass, Rafael and Shi, Elaine},
  booktitle={LIPIcs-Leibniz International Proceedings in Informatics},
  volume={91},
  year={2017},
  organization={Schloss Dagstuhl-Leibniz-Zentrum fuer Informatik}
}
@inproceedings{pass2017fruit,
	title={Fruitchains: A fair blockchain},
	author={Pass, Rafael and Shi, Elaine},
	booktitle={IACR Cryptology ePrint Archive},
	volume={2016:916},
	year={2016}
}
@inproceedings{ritz2018uncle,
	title={The Impact of Uncle Rewards on Selfish Mining in Ethereum},
	author={Ritz, Fabian and Zugenmaier, Alf},
	booktitle={http://ieee-sb2018.cs.ucl.ac.uk/presentations/5-Ritz.pdf}
	year = {2018}
}
@inproceedings{eyal2013self,
	title={Majority is not Enough: Bitcoin Mining is Vulnerable},
	author={Eyal, Ittay; Sirer, Emin Gun},
	booktitle={eprint arXiv:1311.0243}
	year = {2013}
}
@inproceedings{naya2015stub,
	title={Stubborn Mining: Generalizing Selfish Mining and Combining with an Eclipse Attack},
	author={Nayak, Kartik; Kumar,Srijan; Miller,Andrew; Shi,Elaine},
	booktitle={IACR Cryptology ePrint Archive}
	volume = {796}
	year = {2015}
}
@inproceedings{canetti2001universally,
  title={Universally composable security: A new paradigm for cryptographic protocols},
  author={Canetti, Ran},
  booktitle={Foundations of Computer Science, 2001. Proceedings. 42nd IEEE Symposium on},
  pages={136--145},
  year={2001},
  organization={IEEE}
}
@misc{pass2017thunderella,
  title={Thunderella: blockchains with optimistic instant confirmation},
  author={Pass, Rafael and Shi, Elaine},
  year={2017},
  journal={URL https://eprint.iacr.org/2017/913.pdf},
  publisher={Manuscript}
}
@inproceedings{gilad2017algorand,
  title={Algorand: Scaling byzantine agreements for cryptocurrencies},
  author={Gilad, Yossi and Hemo, Rotem and Micali, Silvio and Vlachos, Georgios and Zeldovich, Nickolai},
  booktitle={Proceedings of the 26th Symposium on Operating Systems Principles},
  pages={51--68},
  year={2017},
  organization={ACM}
}
@inproceedings{micali1999verifiable,
  title={Verifiable random functions},
  author={Micali, Silvio and Rabin, Michael and Vadhan, Salil},
  booktitle={Foundations of Computer Science, 1999. 40th Annual Symposium on},
  pages={120--130},
  year={1999},
  organization={IEEE}
}
@inproceedings{pass2017sleepy,
  title={The sleepy model of consensus},
  author={Pass, Rafael and Shi, Elaine},
  booktitle={International Conference on the Theory and Application of Cryptology and Information Security},
  pages={380--409},
  year={2017},
  organization={Springer}
}
@article{mahmoud2014maat,
  title={Maat: Effective and scalable coordination of distributed transactions in the cloud},
  author={Mahmoud, Hatem A and Arora, Vaibhav and Nawab, Faisal and Agrawal, Divyakant and El Abbadi, Amr},
  journal={Proceedings of the VLDB Endowment},
  volume={7},
  number={5},
  pages={329--340},
  year={2014},
  publisher={VLDB Endowment}
}
@inproceedings{yu2016tictoc,
  title={Tictoc: Time traveling optimistic concurrency control},
  author={Yu, Xiangyao and Pavlo, Andrew and Sanchez, Daniel and Devadas, Srinivas},
  booktitle={Proceedings of the 2016 International Conference on Management of Data},
  pages={1629--1642},
  year={2016},
  organization={ACM}
}
